@book{coulouris,
	title={Distributed Systems - Concepts and Design, 5th Edition},
	author={Coulouris et al},
	isbn={0-13-214301-1},
	year={2012},
	publisher={Addison-Wesley},
}

@article{election, 
	author={H. Garcia-Molina}, 
	journal={IEEE Transactions on Computers}, 
	title={Elections in a Distributed Computing System}, 
	year={1982}, 
	volume={C-31}, 
	number={1}, 
	pages={48-59}, 
	keywords={Crash recovery;distributed computing systems;elections;failures;mutual exclusion;reorganization;Continuous time systems;Database systems;Detection algorithms;Distributed computing;Distributed databases;Nominations and elections;Object detection;Protocols;Software algorithms;Switches;Crash recovery;distributed computing systems;elections;failures;mutual exclusion;reorganization}, 
	doi={10.1109/TC.1982.1675885}, 
	ISSN={0018-9340}, 
	month={Jan},}

@inproceedings{fastbully,
	author = {Lee, Seok-Hyoung and Choi, Hoon},
	title = {The Fast Bully Algorithm: For Electing a Coordinator Process in Distributed Systems},
	booktitle = {Revised Papers from the International Conference on Information Networking, Wireless Communications Technologies and Network Applications-Part II},
	series = {ICOIN '02},
	year = {2002},
	isbn = {3-540-44255-3},
	pages = {609--622},
	numpages = {14},
	url = {http://dl.acm.org/citation.cfm?id=646286.688471},
	acmid = {688471},
	publisher = {Springer-Verlag},
	address = {London, UK, UK},
}

@article{ChangRoberts-ringelection,
	author = {Chang, Ernest and Roberts, Rosemary},
	title = {An Improved Algorithm for Decentralized Extrema-finding in Circular Configurations of Processes},
	journal = {Commun. ACM},
	issue_date = {May 1979},
	volume = {22},
	number = {5},
	month = may,
	year = {1979},
	issn = {0001-0782},
	pages = {281--283},
	numpages = {3},
	url = {http://doi.acm.org/10.1145/359104.359108},
	doi = {10.1145/359104.359108},
	acmid = {359108},
	publisher = {ACM},
	address = {New York, NY, USA},
	keywords = {decentralized algorithms, distributed systems, operating systems},
}

@inproceedings{failuredetector,
  title={Failure detectors for large-scale distributed systems},
  author={Hayashibara, Naohiro and Cherif, Adel and Katayama, Takuya},
  booktitle={Reliable Distributed Systems, 2002. Proceedings. 21st IEEE Symposium on},
  pages={404--409},
  year={2002},
  organization={IEEE}
}

@article{gems,
  title={GEMS: Gossip-enabled monitoring service for scalable heterogeneous distributed systems},
  author={Subramaniyan, Rajagopal and Raman, Pirabhu and George, Alan D and Radlinski, Matthew},
  journal={Cluster Computing},
  volume={9},
  number={1},
  pages={101--120},
  year={2006},
  publisher={Springer}
}

@inproceedings{gossip,
  title={A gossip-style failure detection service},
  author={Van Renesse, Robbert and Minsky, Yaron and Hayden, Mark},
  booktitle={Middlewareâ€™98},
  pages={55--70},
  year={1998},
  organization={Springer}
}

%% online, rfc 
%% NOTE use of shorthand and these will print seperate category from printed sources

@online{tcp,
    author    = "{Information Sciences Institute, University of Southern California}",
    title     = "{Transmission Control Protocol, DARPA Internet Program, Protocol Specification}",
    url       = "https://tools.ietf.org/html/rfc793#section-2.6",
    year      = "{1981}",
	shorthand = {RFC793},    
    urldate={2017-05-22}
}

@online{tls,
    author    = "{Dierks and Rescorla}",
    title     = "{The Transport Layer Security (TLS) Protocol}",
    url       = "https://tools.ietf.org/html/rfc5246#page-4",
    year      = "{2008}",
	shorthand = {RFC5246},    
    urldate={2017-05-22}
}

@online{ipmcast,
    author    = "{S. Deering}",
    title     = "{Host Extensions for IP Multicasting}",
    url       = "https://tools.ietf.org/html/rfc1112",
    year      = "{1989}",
	shorthand = {RFC1112},    
    urldate={2017-05-22}
}

@online{udp,
    author    = "{J. Postel}",
    title     = "{User Datagram Protocol}",
    url       = "https://tools.ietf.org/html/rfc768",
    year      = "{1980}",
	shorthand = {RFC768},    
    urldate={2017-05-22}
}

@online{irc,
    author    = "{Oikarinen and Reed}",
    title     = "{Internet Relay Chat Protocol}",
    url       = "https://tools.ietf.org/html/rfc1459",
    year      = "{1993}",
	shorthand = {RFC1459},    
    urldate={2017-05-22}
}

@online{xmpp,
    author    = "{P. Saint-Andre}",
    title     = "{Extensible Messaging and Presence Protocol (XMPP): Core}",
    url       = "https://tools.ietf.org/html/rfc6120",
    year      = "{2011}",
	shorthand = {RFC6120},    
    urldate={2017-05-22}
}

@online{whatsapp,
    author    = "{WhatsApp}",
    title     = "{1 million is so 2011}",
    url       = "https://blog.whatsapp.com/196/1-million-is-so-2011?",
    year      = "{2012}",
	shorthand = {WhatsApp},    
    urldate={2017-05-22}
}





%% samples

@book{wilkinallen,
	title={Parallel Programming, Techniques and Applications Using Networked Workstations and Parallel Computers 2nd Edition},
	author={Barry Wilkinson and Michael Allen},
	isbn={0-13-140563-2},
	year={2005},
	publisher={Prentice Hall},
}

@online{foster,
    author    = "Ian Foster",
    title     = "Designing and Building Parallel Programs",
    url       = "http://www.mcs.anl.gov/~itf/dbpp/text/node35.html",
    year  = "1995",
    urldate={2016-10-14}
}

@book{quinn,
    title={Parallel  Programming in  C  with  MPI and OpenMP},
    author={Michael  J,  Quinn},
    isbn={007-282256-2},
    series={International series of monographs on physics},
    year={2003},
    publisher={McGraw Hill},
}

@book{wendl,
    title={Theoretical Foundations of Conduction and Convection Heat Transfer},
    author={Michael C. Wendl},
    note={DOI 10.13140/RG.2.1.1875.3120},
    series={International series of monographs on physics},
    year={2012},
    publisher={Wendl Foundation},
    url="http://wendl.weebly.com/textbook.html",
    urldate={2016-10-21}
}
